%YAML 1.1
%TAG !u! tag:unity3d.com,2011:
--- !u!1 &5831693351723463501
GameObject:
  m_ObjectHideFlags: 0
  m_CorrespondingSourceObject: {fileID: 0}
  m_PrefabInstance: {fileID: 0}
  m_PrefabAsset: {fileID: 0}
  serializedVersion: 6
  m_Component:
  - component: {fileID: 5831693351723463502}
  - component: {fileID: 5831693351723463503}
  - component: {fileID: 5199041444644136015}
  m_Layer: 0
  m_Name: Tree
  m_TagString: Untagged
  m_Icon: {fileID: 0}
  m_NavMeshLayer: 0
  m_StaticEditorFlags: 0
  m_IsActive: 1
--- !u!4 &5831693351723463502
Transform:
  m_ObjectHideFlags: 0
  m_CorrespondingSourceObject: {fileID: 0}
  m_PrefabInstance: {fileID: 0}
  m_PrefabAsset: {fileID: 0}
  m_GameObject: {fileID: 5831693351723463501}
  m_LocalRotation: {x: 0, y: 0, z: 0, w: 1}
  m_LocalPosition: {x: 0, y: 0, z: 0}
  m_LocalScale: {x: 1, y: 1, z: 1}
  m_Children:
  - {fileID: 5831693352206791920}
  - {fileID: 7125161990887261042}
  m_Father: {fileID: 0}
  m_RootOrder: 0
  m_LocalEulerAnglesHint: {x: 0, y: 0, z: 0}
--- !u!136 &5831693351723463503
CapsuleCollider:
  m_ObjectHideFlags: 0
  m_CorrespondingSourceObject: {fileID: 0}
  m_PrefabInstance: {fileID: 0}
  m_PrefabAsset: {fileID: 0}
  m_GameObject: {fileID: 5831693351723463501}
  m_Material: {fileID: 0}
  m_IsTrigger: 0
  m_Enabled: 1
  m_Radius: 0.5
  m_Height: 2
  m_Direction: 1
  m_Center: {x: 0, y: 1, z: 0}
--- !u!114 &5199041444644136015
MonoBehaviour:
  m_ObjectHideFlags: 0
  m_CorrespondingSourceObject: {fileID: 0}
  m_PrefabInstance: {fileID: 0}
  m_PrefabAsset: {fileID: 0}
  m_GameObject: {fileID: 5831693351723463501}
  m_Enabled: 1
  m_EditorHideFlags: 0
  m_Script: {fileID: 11500000, guid: 37a9dea35feb8684d8f3f4c4fe7e589c, type: 3}
  m_Name: 
  m_EditorClassIdentifier: 
  m_Trees:
  - {fileID: 214743756419125794, guid: 287f1b366c6fbab40977c3a24eb206ae, type: 3}
  - {fileID: 1762197795699444558, guid: 1de16d5e6eb97744aac1e57740292546, type: 3}
  - {fileID: 2107534987200040912, guid: df2c17b954f612d468acc719e3fff0a3, type: 3}
  - {fileID: 4537923945304009714, guid: 80fc0095eab7575489e89957dfedebe1, type: 3}
  - {fileID: 3664879076305321948, guid: 63a86071d56f982499e70248c6138515, type: 3}
  - {fileID: 197853471659540205, guid: 3eb559fe942600442bf380a5f0fb7423, type: 3}
  - {fileID: 6841062341591325015, guid: 4d06228e89937a749ba29337a18a0476, type: 3}
  - {fileID: 191052839113981596, guid: b041d1547a6f06a4ca25218611a4fe86, type: 3}
  - {fileID: 1973058782006297073, guid: f15748d9f193a1d4cabaa5169f7a94d4, type: 3}
  - {fileID: 4517197315574185234, guid: 40216b81854278d4eb0813978aa28c93, type: 3}
  m_TreeMeshParent: {fileID: 5831693352206791927}
  m_FlamesParticles: {fileID: 8279134883797328021}
  m_AudioSource: {fileID: 7222946542379890214}
--- !u!1 &5831693352206791927
GameObject:
  m_ObjectHideFlags: 0
  m_CorrespondingSourceObject: {fileID: 0}
  m_PrefabInstance: {fileID: 0}
  m_PrefabAsset: {fileID: 0}
  serializedVersion: 6
  m_Component:
  - component: {fileID: 5831693352206791920}
  m_Layer: 0
  m_Name: Tree_Mesh
  m_TagString: Untagged
  m_Icon: {fileID: 0}
  m_NavMeshLayer: 0
  m_StaticEditorFlags: 0
  m_IsActive: 1
--- !u!4 &5831693352206791920
Transform:
  m_ObjectHideFlags: 0
  m_CorrespondingSourceObject: {fileID: 0}
  m_PrefabInstance: {fileID: 0}
  m_PrefabAsset: {fileID: 0}
  m_GameObject: {fileID: 5831693352206791927}
  m_LocalRotation: {x: 0, y: 0, z: 0, w: 1}
  m_LocalPosition: {x: 0, y: 0, z: 0}
  m_LocalScale: {x: 1, y: 1, z: 1}
  m_Children: []
  m_Father: {fileID: 5831693351723463502}
  m_RootOrder: 0
  m_LocalEulerAnglesHint: {x: 0, y: 0, z: 0}
--- !u!1 &9094826075404127914
GameObject:
  m_ObjectHideFlags: 0
  m_CorrespondingSourceObject: {fileID: 0}
  m_PrefabInstance: {fileID: 0}
  m_PrefabAsset: {fileID: 0}
  serializedVersion: 6
  m_Component:
  - component: {fileID: 7125161990887261042}
  m_Layer: 0
  m_Name: ParticleSystem
  m_TagString: Untagged
  m_Icon: {fileID: 0}
  m_NavMeshLayer: 0
  m_StaticEditorFlags: 0
  m_IsActive: 1
--- !u!4 &7125161990887261042
Transform:
  m_ObjectHideFlags: 0
  m_CorrespondingSourceObject: {fileID: 0}
  m_PrefabInstance: {fileID: 0}
  m_PrefabAsset: {fileID: 0}
  m_GameObject: {fileID: 9094826075404127914}
  m_LocalRotation: {x: 0, y: 0, z: 0, w: 1}
  m_LocalPosition: {x: 0, y: 0, z: 0}
  m_LocalScale: {x: 1, y: 1, z: 1}
  m_Children:
  - {fileID: 8279134883797328024}
  m_Father: {fileID: 5831693351723463502}
  m_RootOrder: 1
  m_LocalEulerAnglesHint: {x: 0, y: 0, z: 0}
--- !u!1001 &9086037440569560949
PrefabInstance:
  m_ObjectHideFlags: 0
  serializedVersion: 2
  m_Modification:
    m_TransformParent: {fileID: 7125161990887261042}
    m_Modifications:
    - target: {fileID: 936031456130805728, guid: 89956e675b749204c8e10395ce2b5fb9,
        type: 3}
      propertyPath: m_Name
      value: FlamesParticle
      objectReference: {fileID: 0}
    - target: {fileID: 936031456130805728, guid: 89956e675b749204c8e10395ce2b5fb9,
        type: 3}
      propertyPath: m_IsActive
      value: 1
      objectReference: {fileID: 0}
    - target: {fileID: 936031456130805741, guid: 89956e675b749204c8e10395ce2b5fb9,
        type: 3}
      propertyPath: m_LocalPosition.x
      value: 0
      objectReference: {fileID: 0}
    - target: {fileID: 936031456130805741, guid: 89956e675b749204c8e10395ce2b5fb9,
        type: 3}
      propertyPath: m_LocalPosition.y
      value: 0
      objectReference: {fileID: 0}
    - target: {fileID: 936031456130805741, guid: 89956e675b749204c8e10395ce2b5fb9,
        type: 3}
      propertyPath: m_LocalPosition.z
      value: 0
      objectReference: {fileID: 0}
    - target: {fileID: 936031456130805741, guid: 89956e675b749204c8e10395ce2b5fb9,
        type: 3}
      propertyPath: m_LocalRotation.x
      value: -0.7071068
      objectReference: {fileID: 0}
    - target: {fileID: 936031456130805741, guid: 89956e675b749204c8e10395ce2b5fb9,
        type: 3}
      propertyPath: m_LocalRotation.y
      value: 0
      objectReference: {fileID: 0}
    - target: {fileID: 936031456130805741, guid: 89956e675b749204c8e10395ce2b5fb9,
        type: 3}
      propertyPath: m_LocalRotation.z
      value: 0
      objectReference: {fileID: 0}
    - target: {fileID: 936031456130805741, guid: 89956e675b749204c8e10395ce2b5fb9,
        type: 3}
      propertyPath: m_LocalRotation.w
      value: 0.7071068
      objectReference: {fileID: 0}
    - target: {fileID: 936031456130805741, guid: 89956e675b749204c8e10395ce2b5fb9,
        type: 3}
      propertyPath: m_RootOrder
      value: 0
      objectReference: {fileID: 0}
    - target: {fileID: 936031456130805741, guid: 89956e675b749204c8e10395ce2b5fb9,
        type: 3}
      propertyPath: m_LocalEulerAnglesHint.x
      value: -90
      objectReference: {fileID: 0}
    - target: {fileID: 936031456130805741, guid: 89956e675b749204c8e10395ce2b5fb9,
        type: 3}
      propertyPath: m_LocalEulerAnglesHint.y
      value: 0
      objectReference: {fileID: 0}
    - target: {fileID: 936031456130805741, guid: 89956e675b749204c8e10395ce2b5fb9,
        type: 3}
      propertyPath: m_LocalEulerAnglesHint.z
      value: 0
      objectReference: {fileID: 0}
    - target: {fileID: 1883940009547675986, guid: 89956e675b749204c8e10395ce2b5fb9,
        type: 3}
      propertyPath: m_LocalPosition.x
      value: 0
      objectReference: {fileID: 0}
    - target: {fileID: 1883940009547675986, guid: 89956e675b749204c8e10395ce2b5fb9,
        type: 3}
      propertyPath: m_LocalPosition.y
      value: 0
      objectReference: {fileID: 0}
    - target: {fileID: 1883940009547675986, guid: 89956e675b749204c8e10395ce2b5fb9,
        type: 3}
      propertyPath: m_LocalPosition.z
      value: 0
      objectReference: {fileID: 0}
    - target: {fileID: 1883940009547675986, guid: 89956e675b749204c8e10395ce2b5fb9,
        type: 3}
      propertyPath: m_LocalRotation.x
      value: 0
      objectReference: {fileID: 0}
    - target: {fileID: 1883940009547675986, guid: 89956e675b749204c8e10395ce2b5fb9,
        type: 3}
      propertyPath: m_LocalRotation.y
      value: 0
      objectReference: {fileID: 0}
    - target: {fileID: 1883940009547675986, guid: 89956e675b749204c8e10395ce2b5fb9,
        type: 3}
      propertyPath: m_LocalRotation.z
      value: 0
      objectReference: {fileID: 0}
    - target: {fileID: 1883940009547675986, guid: 89956e675b749204c8e10395ce2b5fb9,
        type: 3}
      propertyPath: m_LocalRotation.w
      value: 1
      objectReference: {fileID: 0}
    - target: {fileID: 1883940009547675987, guid: 89956e675b749204c8e10395ce2b5fb9,
        type: 3}
      propertyPath: m_Volume
      value: 0.312
      objectReference: {fileID: 0}
    - target: {fileID: 1883940009547675987, guid: 89956e675b749204c8e10395ce2b5fb9,
        type: 3}
      propertyPath: m_PlayOnAwake
      value: 0
      objectReference: {fileID: 0}
    - target: {fileID: 1883940009547675987, guid: 89956e675b749204c8e10395ce2b5fb9,
        type: 3}
      propertyPath: panLevelCustomCurve.m_Curve.Array.data[0].value
      value: 1
      objectReference: {fileID: 0}
    - target: {fileID: 1883940009547675987, guid: 89956e675b749204c8e10395ce2b5fb9,
        type: 3}
      propertyPath: m_audioClip
      value: 
      objectReference: {fileID: 8300000, guid: 7ddf354673b8c154da579153e64ed072, type: 3}
    - target: {fileID: 1883940009547675987, guid: 89956e675b749204c8e10395ce2b5fb9,
        type: 3}
      propertyPath: Mute
      value: 1
      objectReference: {fileID: 0}
    m_RemovedComponents: []
  m_SourcePrefab: {fileID: 100100000, guid: 89956e675b749204c8e10395ce2b5fb9, type: 3}
--- !u!1 &8279134883797328021 stripped
GameObject:
  m_CorrespondingSourceObject: {fileID: 936031456130805728, guid: 89956e675b749204c8e10395ce2b5fb9,
    type: 3}
  m_PrefabInstance: {fileID: 9086037440569560949}
  m_PrefabAsset: {fileID: 0}
--- !u!4 &8279134883797328024 stripped
Transform:
  m_CorrespondingSourceObject: {fileID: 936031456130805741, guid: 89956e675b749204c8e10395ce2b5fb9,
    type: 3}
  m_PrefabInstance: {fileID: 9086037440569560949}
  m_PrefabAsset: {fileID: 0}
--- !u!82 &7222946542379890214 stripped
AudioSource:
  m_CorrespondingSourceObject: {fileID: 1883940009547675987, guid: 89956e675b749204c8e10395ce2b5fb9,
    type: 3}
  m_PrefabInstance: {fileID: 9086037440569560949}
  m_PrefabAsset: {fileID: 0}
