%YAML 1.1
%TAG !u! tag:unity3d.com,2011:
--- !u!1 &3758247165691320377
GameObject:
  m_ObjectHideFlags: 0
  m_CorrespondingSourceObject: {fileID: 0}
  m_PrefabInstance: {fileID: 0}
  m_PrefabAsset: {fileID: 0}
  serializedVersion: 6
  m_Component:
  - component: {fileID: 179194258147813930}
  - component: {fileID: 9162475058688397340}
  - component: {fileID: 3178186662038760677}
  - component: {fileID: 5117801067159362002}
  m_Layer: 0
  m_Name: pistolet
  m_TagString: Untagged
  m_Icon: {fileID: 0}
  m_NavMeshLayer: 0
  m_StaticEditorFlags: 0
  m_IsActive: 1
--- !u!4 &179194258147813930
Transform:
  m_ObjectHideFlags: 0
  m_CorrespondingSourceObject: {fileID: 0}
  m_PrefabInstance: {fileID: 0}
  m_PrefabAsset: {fileID: 0}
  m_GameObject: {fileID: 3758247165691320377}
  m_LocalRotation: {x: -0.7071068, y: 0, z: -0, w: 0.7071067}
  m_LocalPosition: {x: -0.17, y: 0, z: 0}
  m_LocalScale: {x: 21.370834, y: 21.370834, z: 21.370834}
  m_Children:
  - {fileID: 179194257907539906}
  - {fileID: 179194256350127442}
  m_Father: {fileID: 0}
  m_RootOrder: 0
  m_LocalEulerAnglesHint: {x: 0, y: 0, z: 0}
--- !u!33 &9162475058688397340
MeshFilter:
  m_ObjectHideFlags: 0
  m_CorrespondingSourceObject: {fileID: 0}
  m_PrefabInstance: {fileID: 0}
  m_PrefabAsset: {fileID: 0}
  m_GameObject: {fileID: 3758247165691320377}
  m_Mesh: {fileID: 2692025339096360040, guid: aa0a5a56df87e5044a743d9ff6383b84, type: 3}
--- !u!23 &3178186662038760677
MeshRenderer:
  m_ObjectHideFlags: 0
  m_CorrespondingSourceObject: {fileID: 0}
  m_PrefabInstance: {fileID: 0}
  m_PrefabAsset: {fileID: 0}
  m_GameObject: {fileID: 3758247165691320377}
  m_Enabled: 1
  m_CastShadows: 1
  m_ReceiveShadows: 1
  m_DynamicOccludee: 1
  m_MotionVectors: 1
  m_LightProbeUsage: 1
  m_ReflectionProbeUsage: 1
  m_RenderingLayerMask: 1
  m_RendererPriority: 0
  m_Materials:
  - {fileID: 2100000, guid: f1a56eb8991197e44943f43711217d10, type: 2}
  m_StaticBatchInfo:
    firstSubMesh: 0
    subMeshCount: 0
  m_StaticBatchRoot: {fileID: 0}
  m_ProbeAnchor: {fileID: 0}
  m_LightProbeVolumeOverride: {fileID: 0}
  m_ScaleInLightmap: 1
  m_ReceiveGI: 1
  m_PreserveUVs: 0
  m_IgnoreNormalsForChartDetection: 0
  m_ImportantGI: 0
  m_StitchLightmapSeams: 1
  m_SelectedEditorRenderState: 3
  m_MinimumChartSize: 4
  m_AutoUVMaxDistance: 0.5
  m_AutoUVMaxAngle: 89
  m_LightmapParameters: {fileID: 0}
  m_SortingLayerID: 0
  m_SortingLayer: 0
  m_SortingOrder: 0
--- !u!95 &5117801067159362002
Animator:
  serializedVersion: 3
  m_ObjectHideFlags: 0
  m_CorrespondingSourceObject: {fileID: 0}
  m_PrefabInstance: {fileID: 0}
  m_PrefabAsset: {fileID: 0}
  m_GameObject: {fileID: 3758247165691320377}
  m_Enabled: 1
  m_Avatar: {fileID: 0}
  m_Controller: {fileID: 0}
  m_CullingMode: 0
  m_UpdateMode: 0
  m_ApplyRootMotion: 0
  m_LinearVelocityBlending: 0
  m_WarningMessage: 
  m_HasTransformHierarchy: 1
  m_AllowConstantClipSamplingOptimization: 1
  m_KeepAnimatorControllerStateOnDisable: 0
--- !u!1001 &5117801067074260552
PrefabInstance:
  m_ObjectHideFlags: 0
  serializedVersion: 2
  m_Modification:
    m_TransformParent: {fileID: 179194258147813930}
    m_Modifications:
    - target: {fileID: -927199367670048503, guid: 64f25f8279676a041ae8ce87b39e2a38,
        type: 3}
      propertyPath: m_Name
      value: bombonne
      objectReference: {fileID: 0}
    - target: {fileID: -4216859302048453862, guid: 64f25f8279676a041ae8ce87b39e2a38,
        type: 3}
      propertyPath: m_LocalPosition.x
      value: 0
      objectReference: {fileID: 0}
    - target: {fileID: -4216859302048453862, guid: 64f25f8279676a041ae8ce87b39e2a38,
        type: 3}
      propertyPath: m_LocalPosition.y
      value: 0
      objectReference: {fileID: 0}
    - target: {fileID: -4216859302048453862, guid: 64f25f8279676a041ae8ce87b39e2a38,
        type: 3}
      propertyPath: m_LocalPosition.z
      value: 0
      objectReference: {fileID: 0}
    - target: {fileID: -4216859302048453862, guid: 64f25f8279676a041ae8ce87b39e2a38,
        type: 3}
      propertyPath: m_LocalRotation.x
      value: -0
      objectReference: {fileID: 0}
    - target: {fileID: -4216859302048453862, guid: 64f25f8279676a041ae8ce87b39e2a38,
        type: 3}
      propertyPath: m_LocalRotation.y
      value: -0
      objectReference: {fileID: 0}
    - target: {fileID: -4216859302048453862, guid: 64f25f8279676a041ae8ce87b39e2a38,
        type: 3}
      propertyPath: m_LocalRotation.z
      value: -0
      objectReference: {fileID: 0}
    - target: {fileID: -4216859302048453862, guid: 64f25f8279676a041ae8ce87b39e2a38,
        type: 3}
      propertyPath: m_LocalRotation.w
      value: 1
      objectReference: {fileID: 0}
    - target: {fileID: -4216859302048453862, guid: 64f25f8279676a041ae8ce87b39e2a38,
        type: 3}
      propertyPath: m_RootOrder
      value: 1
      objectReference: {fileID: 0}
    - target: {fileID: -4216859302048453862, guid: 64f25f8279676a041ae8ce87b39e2a38,
        type: 3}
      propertyPath: m_LocalEulerAnglesHint.x
      value: 0
      objectReference: {fileID: 0}
    - target: {fileID: -4216859302048453862, guid: 64f25f8279676a041ae8ce87b39e2a38,
        type: 3}
      propertyPath: m_LocalEulerAnglesHint.y
      value: 0
      objectReference: {fileID: 0}
    - target: {fileID: -4216859302048453862, guid: 64f25f8279676a041ae8ce87b39e2a38,
        type: 3}
      propertyPath: m_LocalEulerAnglesHint.z
      value: 0
      objectReference: {fileID: 0}
    - target: {fileID: -4216859302048453862, guid: 64f25f8279676a041ae8ce87b39e2a38,
        type: 3}
      propertyPath: m_LocalScale.y
      value: 1
      objectReference: {fileID: 0}
    - target: {fileID: -4216859302048453862, guid: 64f25f8279676a041ae8ce87b39e2a38,
        type: 3}
      propertyPath: m_LocalScale.z
      value: 1
      objectReference: {fileID: 0}
    - target: {fileID: -4216859302048453862, guid: 64f25f8279676a041ae8ce87b39e2a38,
        type: 3}
      propertyPath: m_LocalScale.x
      value: 1
      objectReference: {fileID: 0}
    - target: {fileID: -1504981713932161579, guid: 64f25f8279676a041ae8ce87b39e2a38,
        type: 3}
      propertyPath: m_Materials.Array.data[0]
      value: 
      objectReference: {fileID: 2100000, guid: f1a56eb8991197e44943f43711217d10, type: 2}
    m_RemovedComponents: []
  m_SourcePrefab: {fileID: 100100000, guid: 64f25f8279676a041ae8ce87b39e2a38, type: 3}
--- !u!4 &179194256350127442 stripped
Transform:
  m_CorrespondingSourceObject: {fileID: -4216859302048453862, guid: 64f25f8279676a041ae8ce87b39e2a38,
    type: 3}
  m_PrefabInstance: {fileID: 5117801067074260552}
  m_PrefabAsset: {fileID: 0}
--- !u!1001 &5117801068679918808
PrefabInstance:
  m_ObjectHideFlags: 0
  serializedVersion: 2
  m_Modification:
    m_TransformParent: {fileID: 179194258147813930}
    m_Modifications:
    - target: {fileID: -927199367670048503, guid: bbfa55f2f5c3ecc45907648b922fec6d,
        type: 3}
      propertyPath: m_Name
      value: gachette
      objectReference: {fileID: 0}
    - target: {fileID: -4216859302048453862, guid: bbfa55f2f5c3ecc45907648b922fec6d,
        type: 3}
      propertyPath: m_LocalPosition.x
      value: 0.0013
      objectReference: {fileID: 0}
    - target: {fileID: -4216859302048453862, guid: bbfa55f2f5c3ecc45907648b922fec6d,
        type: 3}
      propertyPath: m_LocalPosition.y
      value: 0
      objectReference: {fileID: 0}
    - target: {fileID: -4216859302048453862, guid: bbfa55f2f5c3ecc45907648b922fec6d,
        type: 3}
      propertyPath: m_LocalPosition.z
      value: -0.0016
      objectReference: {fileID: 0}
    - target: {fileID: -4216859302048453862, guid: bbfa55f2f5c3ecc45907648b922fec6d,
        type: 3}
      propertyPath: m_LocalRotation.x
      value: 0
      objectReference: {fileID: 0}
    - target: {fileID: -4216859302048453862, guid: bbfa55f2f5c3ecc45907648b922fec6d,
        type: 3}
      propertyPath: m_LocalRotation.y
      value: 0
      objectReference: {fileID: 0}
    - target: {fileID: -4216859302048453862, guid: bbfa55f2f5c3ecc45907648b922fec6d,
        type: 3}
      propertyPath: m_LocalRotation.z
      value: 0
      objectReference: {fileID: 0}
    - target: {fileID: -4216859302048453862, guid: bbfa55f2f5c3ecc45907648b922fec6d,
        type: 3}
      propertyPath: m_LocalRotation.w
      value: 1
      objectReference: {fileID: 0}
    - target: {fileID: -4216859302048453862, guid: bbfa55f2f5c3ecc45907648b922fec6d,
        type: 3}
      propertyPath: m_RootOrder
      value: 0
      objectReference: {fileID: 0}
    - target: {fileID: -4216859302048453862, guid: bbfa55f2f5c3ecc45907648b922fec6d,
        type: 3}
      propertyPath: m_LocalEulerAnglesHint.x
      value: 0
      objectReference: {fileID: 0}
    - target: {fileID: -4216859302048453862, guid: bbfa55f2f5c3ecc45907648b922fec6d,
        type: 3}
      propertyPath: m_LocalEulerAnglesHint.y
      value: 0
      objectReference: {fileID: 0}
    - target: {fileID: -4216859302048453862, guid: bbfa55f2f5c3ecc45907648b922fec6d,
        type: 3}
      propertyPath: m_LocalEulerAnglesHint.z
      value: 0
      objectReference: {fileID: 0}
    - target: {fileID: -4216859302048453862, guid: bbfa55f2f5c3ecc45907648b922fec6d,
        type: 3}
      propertyPath: m_LocalScale.x
      value: 1
      objectReference: {fileID: 0}
    - target: {fileID: -4216859302048453862, guid: bbfa55f2f5c3ecc45907648b922fec6d,
        type: 3}
      propertyPath: m_LocalScale.y
      value: 1
      objectReference: {fileID: 0}
    - target: {fileID: -4216859302048453862, guid: bbfa55f2f5c3ecc45907648b922fec6d,
        type: 3}
      propertyPath: m_LocalScale.z
      value: 1
      objectReference: {fileID: 0}
    - target: {fileID: -1504981713932161579, guid: bbfa55f2f5c3ecc45907648b922fec6d,
        type: 3}
      propertyPath: m_Materials.Array.data[0]
      value: 
      objectReference: {fileID: 2100000, guid: f1a56eb8991197e44943f43711217d10, type: 2}
    m_RemovedComponents: []
  m_SourcePrefab: {fileID: 100100000, guid: bbfa55f2f5c3ecc45907648b922fec6d, type: 3}
--- !u!4 &179194257907539906 stripped
Transform:
  m_CorrespondingSourceObject: {fileID: -4216859302048453862, guid: bbfa55f2f5c3ecc45907648b922fec6d,
    type: 3}
  m_PrefabInstance: {fileID: 5117801068679918808}
  m_PrefabAsset: {fileID: 0}
